% I/O data sharing
@INPROCEEDINGS{7877147,  author={T. {Wang} and K. {Mohror} and A. {Moody} and K. {Sato} and W. {Yu}},  booktitle={SC '16: Proceedings of the International Conference for High Performance Computing, Networking, Storage and Analysis},   title={An Ephemeral Burst-Buffer File System for Scientific Applications},   year={2016},  volume={},  number={},  pages={807-818},}

% I/O data sharing
@INPROCEEDINGS{6375580,  author={J. {Bent} and G. {Gibson} and G. {Grider} and B. {McClelland} and P. {Nowoczynski} and J. {Nunez} and M. {Polte} and M. {Wingate}},  booktitle={Proceedings of the Conference on High Performance Computing Networking, Storage and Analysis},   title={PLFS: a checkpoint filesystem for parallel applications},   year={2009},  volume={},  number={},  pages={1-12},}

% Burst buffer use cases
@INPROCEEDINGS{6232369,  author={N. {Liu} and J. {Cope} and P. {Carns} and C. {Carothers} and R. {Ross} and G. {Grider} and A. {Crume} and C. {Maltzahn}},  booktitle={2012 IEEE 28th Symposium on Mass Storage Systems and Technologies (MSST)},   title={On the role of burst buffers in leadership-class storage systems},   year={2012},  volume={},  number={},  pages={1-11},}

% NEXTGenIO hardware whitepaper
@techreport{nextgenio,
  author      = {Adrian Jackson and Iakovos Panourgias and Bernhard Homölle and Alberto Miranda, Ramon Nou and
Javier Conejero and Marcelo Cintra and Simon Smart and Antonino Bonanni and Holger Brunst and
Christian Herold and Sarim Zafar},
  title       = "Hardware Architecture - NEXTGenIO Architecture White Paper",
  institution = "NEXTGenIO",
  year        = "2018",
  type        = "whitepaper",
  month       = "10",
  url         = "http://www.nextgenio.eu/publications/hardware-architecture-nextgenio-architecture-white-paper",
}

% Data staging applications
@article{osti_1544343,
title = {Performance characterization of scientific workflows for the optimal use of Burst Buffers},
author = {Daley, C. S. and Ghoshal, D. and Lockwood, G. K. and Dosanjh, S. and Ramakrishnan, L. and Wright, N. J.},
doi = {10.1016/j.future.2017.12.022},
journal = {Future Generations Computer Systems},
issn = {0167-739X},
place = {United States},
year = {2017},
month = {12}
}

% Out of core memory
@misc{romanus2015challenges,
    title={Challenges and Considerations for Utilizing Burst Buffers in High-Performance Computing},
    author={Melissa Romanus and Robert B. Ross and Manish Parashar},
    year={2015},
    eprint={1509.05492},
    archivePrefix={arXiv},
    primaryClass={cs.DC}
}

% Summit & Sierra specification
@article{osti_1489443,
title = {The Design, Deployment, and Evaluation of the CORAL Pre-Exascale Systems},
author = {Vazhkudai, S S and de Supinski, B R and Bland, A S and Geist, A and Sexton, J and Kahle, J and Zimmer, C J and Atchley, S and Oral, S H and Maxwell, D E and Vergara Larrea, V G and Bertsch, A and Goldstone, R and Joubert, W and Chambreau, C and Appelhans, D and Blackmore, R and Casses, B and Chochia, G and Davison, G and Ezell, M A and Gonsiorowski, E and Grinberg, L and Hanson, B and Hartner, B and Karlin, I and Leininger, M L and Leverman, D and Marroquin, C and Moody, A and Ohmacht, M and Pankajakshan, R and Pizzano, F and Rogers, J H and Rosenburg, B and Schmidt, D and Shankar, M and Wang, F and Watson, P and Walkup, B and Weems, L D and Yin, J},
place = {United States},
year = {2018},
month = {7}
}

% Fugaku specification
@online{fugaku,
	title    = {Post-K (Fugaku) Information},
	author   = {{RIKEN Center for Computational Science}},
	date     = {2020},
	urldate  = {2020-08-04},
	url      = {https://postk-web.r-ccs.riken.jp/spec.html},
	keywords = {fungaku,supercomputer},
}

% Jack Dongarra - Fugaku report
@techreport {dongarra2020report,
	title = {Report on the Fujitsu Fugaku System},
	journal = {Innovative Computing Laboratory Technical Report},
	number = {ICL-UT-20-06},
	year = {2020},
	month = {06},
	publisher = {University of Tennessee},
	author = {Jack Dongarra}
}

% Tsubame specification
@online{tsubame,
	title    = {TSUBAME3.0},
	author   = {{Tokyo Institute of Technology}},
	date     = {2020},
	urldate  = {2020-08-04},
	url      = {https://www.t3.gsic.titech.ac.jp/index.php/en/hardware},
	keywords = {tsubame,supercomputer},
}

% Theta specification
@online{theta-fs,
	title    = {Theta File Systems},
	author   = {{Argonne Leadership Computing Facility}},
	date     = {2020},
	urldate  = {2020-08-04},
	url      = {https://www.alcf.anl.gov/support-center/theta/theta-file-systems},
	keywords = {theta,supercomputer},
}

% Tianhe-2 specification
@article{tianhe,
author = {Lu, Yu-Tong and Cheng, Peng and Chen, Zhi-Guang},
year = {2020},
month = {01},
pages = {27-46},
title = {Design and Implementation of the Tianhe-2 Data Storage and Management System},
volume = {35},
journal = {Journal of Computer Science and Technology},
doi = {10.1007/s11390-020-9799-4}
}

% Trinity specification
@online{trinity,
	title    = {Trinity High-level Technical Specifications},
	author   = {{Los Alamos National Laboratory}},
	date     = {2020},
	urldate  = {2020-08-04},
	url      = {https://www.lanl.gov/projects/trinity/specifications.php},
	keywords = {trinity,supercomputer},
}

% Trinity architecture
@article{osti_1367056,
title = {Trinity: Architecture and Early Experience.},
author = {Hemmert, Karl Scott and Rajan, Mahesh and Hoekstra, Robert J. and Dawson, Shawn and Vigil, Manuel and Grunau, Daryl and Lujan, James and Morton, David and Nam, Hai Ah and Peltz, Paul Jr. and Torrez, Alfred and Wright, Cornell and Glass, Micheal W. and Hammond, Simon David},
abstractNote = {Abstract not provided.},
doi = {},
journal = {},
place = {United States},
year = {2016},
month = {5}
}

% Piz Daint specification
@online{piz-daint,
	title    = {Piz Daint Supercomputer},
	author   = {{Swiss National Supercomputing Center}},
	date     = {2020},
	urldate  = {2020-10-04},
	url      = {https://www.cscs.ch/computers/piz-daint/},
	keywords = {piz daint,supercomputer},
}

% Cori burst buffer paper
@article{cori-exp,
    title = {Experiences with the Burst Buffer at NERSC},
    author = {Bard, Debbie and Bhimji, Wahid and Paul, David and Lockwood, Glenn and Wright, N.J. and Antypas, Katie and Farrell, Steve and Ovsyannikov, Andrey and Romanus, Melissa and Straalen, Brian and Trebotich, David and Weber, Gunther},
    year = {2016},
    month = {11},
    doi = {10.13140/RG.2.2.30830.00327}
}

% Cori burst buffer paper
@article{Bhimji_2017,
    title = {Extreme I/O on {HPC} for {HEP} using the Burst Buffer at {NERSC}},
	doi = {10.1088/1742-6596/898/8/082015},
	url = {https://doi.org/10.1088%2F1742-6596%2F898%2F8%2F082015},
	year = 2017,
	month = {10},
	publisher = {{IOP} Publishing},
	volume = {898},
	pages = {082015},
	author = {Wahid Bhimji and Debbie Bard and Kaylan Burleigh and Chris Daley and Steve Farrell and Markus Fasel and Brian Friesen and Lisa Gerhardt and Jialin Liu and Peter Nugent and Dave Paul and Jeff Porter and Vakho Tsulaia},
	journal = {Journal of Physics: Conference Series},
}

% Cori burst buffer paper
@article{bhimji2016accelerating,
  title={Accelerating science with the NERSC burst buffer early user program},
  author={Bhimji, Wahid and Bard, Debbie and Romanus, Melissa and Paul, David and Ovsyannikov, Andrey and Friesen, Brian and Bryson, Matt and Correa, Joaquin and Lockwood, Glenn K and Tsulaia, Vakho and others},
  year={2016}
}

% Catalyst specification
@online{catalyst,
	title    = {Catalyst},
	author   = {{Lawrence Livermore National Laboratory}},
	date     = {2020},
	urldate  = {2020-08-06},
	url      = {https://computing.llnl.gov/computers/catalyst},
	keywords = {catalyst,supercomputer},
}

% Catalyst specification
@INPROCEEDINGS{7573843,
  author={S. {Thapaliya} and P. {Bangalore} and J. {Lofstead} and K. {Mohror} and A. {Moody}},
  booktitle={2016 45th International Conference on Parallel Processing (ICPP)}, 
  title={Managing I/O Interference in a Shared Burst Buffer System}, 
  year={2016},
  volume={},
  number={},
  pages={416-425},}

% Burst buffer architecture
@INPROCEEDINGS{8891051,
  author={H. {Khetawat} and C. {Zimmer} and F. {Mueller} and S. {Atchley} and S. S. {Vazhkudai} and M. {Mubarak}},
  booktitle={2019 IEEE International Conference on Cluster Computing (CLUSTER)}, 
  title={Evaluating Burst Buffer Placement in HPC Systems}, 
  year={2019},
  volume={},
  number={},
  pages={1-11},}

% Burst buffer architecture
@inproceedings{10.5555/3108096.3108100,
author = {Cao, Lei and Settlemyer, Bradley W. and Bent, John},
title = {To Share or Not to Share: Comparing Burst Buffer Architectures},
year = {2017},
isbn = {9781510838222},
publisher = {Society for Computer Simulation International},
address = {San Diego, CA, USA},
booktitle = {Proceedings of the 25th High Performance Computing Symposium},
articleno = {4},
numpages = {10},
keywords = {file systems, I/O, checkpoint-restart, burst buffers, storage systems},
location = {Virginia Beach, Virginia},
series = {HPC ’17}
}

% Burst buffer architecture
@article{osti_1328312,
title = {Impact of Burst Buffer Architectures on Application Portability},
author = {Harms, Kevin and Oral, H. Sarp and Atchley, Scott and Vazhkudai, Sudharshan S.},
doi = {10.2172/1328312},
place = {United States},
year = {2016},
month = {9}
}

% Burst buffer architecture
@online{lockwood-blog,
    title    = {Reviewing the state of the art of burst buffers},
	author   = {Glenn K. Lockwood},
	date     = {2017},
	urldate  = {2020-08-10},
	url      = {https://glennklockwood.blogspot.com/2017/03/reviewing-state-of-art-of-burst-buffers.html},
	keywords = {architecture},
}

% Node-local burst buffer scalability
@inproceedings{Wang2016BurstFSAD,
  title={BurstFS: A Distributed Burst Buffer File System for Scientific Applications},
  author={Teng Wang and Weikuan Yu and Kento Sato and Adam Moody and Kathryn Mohror},
  year={2016}
}

% Node-local burst buffer scalability
@INPROCEEDINGS{5645453,  author={A. {Moody} and G. {Bronevetsky} and K. {Mohror} and B. R. d. {Supinski}},  booktitle={SC '10: Proceedings of the 2010 ACM/IEEE International Conference for High Performance Computing, Networking, Storage and Analysis},   title={Design, Modeling, and Evaluation of a Scalable Multi-level Checkpointing System},   year={2010},  volume={},  number={},  pages={1-11},}

% Multi-level burst buffers
@INPROCEEDINGS{8514867,  author={T. {Wang} and S. {Byna} and B. {Dong} and H. {Tang}},  booktitle={2018 IEEE International Conference on Cluster Computing (CLUSTER)},   title={UniviStor: Integrated Hierarchical and Distributed Storage for HPC},   year={2018},  volume={},  number={},  pages={134-144},}

% Multi-level burst buffers
@INPROCEEDINGS{8411015,  author={H. {Tang} and S. {Byna} and F. {Tessier} and T. {Wang} and B. {Dong} and J. {Mu} and Q. {Koziol} and J. {Soumagne} and V. {Vishwanath} and J. {Liu} and R. {Warren}},  booktitle={2018 18th IEEE/ACM International Symposium on Cluster, Cloud and Grid Computing (CCGRID)},   title={Toward Scalable and Asynchronous Object-Centric Data Management for HPC},   year={2018},  volume={},  number={},  pages={113-122},}

% Multi-level burst buffers
@inproceedings{10.1145/3208040.3208059,
author = {Kougkas, Anthony and Devarajan, Hariharan and Sun, Xian-He},
title = {Hermes: A Heterogeneous-Aware Multi-Tiered Distributed I/O Buffering System},
year = {2018},
isbn = {9781450357852},
publisher = {Association for Computing Machinery},
address = {New York, NY, USA},
url = {https://doi.org/10.1145/3208040.3208059},
doi = {10.1145/3208040.3208059},
booktitle = {Proceedings of the 27th International Symposium on High-Performance Parallel and Distributed Computing},
pages = {219–230},
numpages = {12},
keywords = {layered buffering, I/O buffering, deep memory hierarchy, heterogeneous buffering, burst buffers},
location = {Tempe, Arizona},
series = {HPDC ’18}
}

% TOP500
@online{top500,
	title    = {TOP500},
	author   = {Erich Strohmaier and Jack Dongarra and Horst Simon and Martin Meuer},
	date     = {2020},
	urldate  = {2020-08-12},
	url      = {https://www.top500.org/lists/top500/2020/06/},
	keywords = {supercomputer},
}

% SLURM
@InProceedings{10.1007/10968987_3,
author="Yoo, Andy B.
and Jette, Morris A.
and Grondona, Mark",
editor="Feitelson, Dror
and Rudolph, Larry
and Schwiegelshohn, Uwe",
title="SLURM: Simple Linux Utility for Resource Management",
booktitle="Job Scheduling Strategies for Parallel Processing",
year="2003",
publisher="Springer Berlin Heidelberg",
address="Berlin, Heidelberg",
pages="44--60",
}

% SLURM
@software{slurm,
    title    = {Slurm workload manager},
	author   = {{Slurm Team}},
	date     = {2020},
	version  = {20.02},
	url      = {https://slurm.schedmd.com/},
	keywords = {slurm,scheduler},
}

% Moab/TORQUE
@software{moab-torque,
    title    = {MOAB HPC SUITE},
	author   = {{Adaptive computing}},
	date     = {2020},
	version  = {latest},
	url      = {https://adaptivecomputing.com/cherry-services/moab-hpc/},
	keywords = {moab,torque,scheduler},
}

% PBS Professional
@software{pbs-pro,
    title    = {Altair PBS Professional},
	author   = {{Altair Engineering}},
	date     = {2020},
	version  = {latest},
	url      = {https://www.altair.com/pbs-professional/},
	keywords = {pbs,scheduler},
}

% OpenPBS
@software{open-pbs,
    title    = {OpenPBS},
	author   = {{Altair Engineering}},
	date     = {2020},
	version  = {latest},
	url      = {https://www.openpbs.org/},
	keywords = {pbs,scheduler},
}

% Flux
@software{flux,
    title    = {Flux},
	author   = {{Flux Corporation}},
	date     = {2020},
	version  = {latest},
	url      = {https://flux.ly/},
	keywords = {pbs,scheduler},
}

% Scheduling algorithms
@inproceedings{srinivasan2002selective,
  title={Selective reservation strategies for backfill job scheduling},
  author={Srinivasan, Srividya and Kettimuthu, Rajkumar and Subramani, Vijay and Sadayappan, Ponnuswamy},
  booktitle={Workshop on Job Scheduling Strategies for Parallel Processing},
  pages={55--71},
  year={2002},
  organization={Springer}
}

% Scheduling algorithms
@inproceedings{srinivasan2002characterization,
  title={Characterization of backfilling strategies for parallel job scheduling},
  author={Srinivasan, Srividya and Kettimuthu, Rajkumar and Subramani, Vijay and Sadayappan, P},
  booktitle={Proceedings. International Conference on Parallel Processing Workshop},
  pages={514--519},
  year={2002},
  organization={IEEE}
}

% Scheduling algorithms
@article{feitelson2005experimental,
  title={Experimental analysis of the root causes of performance evaluation results: a backfilling case study},
  author={Feitelson, Dror G},
  journal={IEEE Transactions on Parallel and Distributed Systems},
  volume={16},
  number={2},
  pages={175--182},
  year={2005},
  publisher={IEEE}
}

% Scheduling algorithms
@INPROCEEDINGS {8752660,
author = {D. Carastan-Santos and R. Y. De Camargo and D. Trystram and S. Zrigui},
booktitle = {2019 19th IEEE/ACM International Symposium on Cluster, Cloud and Grid Computing (CCGRID)},
title = {One Can Only Gain by Replacing EASY Backfilling: A Simple Scheduling Policies Case Study},
year = {2019},
pages = {1-10},
doi = {10.1109/CCGRID.2019.00010},
url = {https://doi.ieeecomputersociety.org/10.1109/CCGRID.2019.00010},
publisher = {IEEE Computer Society},
address = {Los Alamitos, CA, USA},
month = {5}
}

% Scheduling metrics
@InProceedings{10.1007/BFb0053978,
author="Feitelson, Dror G.
and Rudolph, Larry",
editor="Feitelson, Dror G.
and Rudolph, Larry",
title="Metrics and benchmarking for parallel job scheduling",
booktitle="Job Scheduling Strategies for Parallel Processing",
year="1998",
publisher="Springer Berlin Heidelberg",
address="Berlin, Heidelberg",
pages="1--24",
isbn="978-3-540-68536-4"
}

% Scheduling metrics
@InProceedings{10.1007/3-540-47954-6_4,
author="Chapin, Steve J.
and Cirne, Walfredo
and Feitelson, Dror G.
and Jones, James Patton
and Leutenegger, Scott T.
and Schwiegelshohn, Uwe
and Smith, Warren
and Talby, David",
editor="Feitelson, Dror G.
and Rudolph, Larry",
title="Benchmarks and Standards for the Evaluation of Parallel Job Schedulers",
booktitle="Job Scheduling Strategies for Parallel Processing",
year="1999",
publisher="Springer Berlin Heidelberg",
address="Berlin, Heidelberg",
pages="67--90",
isbn="978-3-540-47954-3"
}

% Scheduling metrics
@article{eyerman2008system,
  title={System-level performance metrics for multiprogram workloads},
  author={Eyerman, Stijn and Eeckhout, Lieven},
  journal={IEEE micro},
  volume={28},
  number={3},
  pages={42--53},
  year={2008},
  publisher={IEEE}
}

% Scheduling metrics
@InProceedings{10.1007/3-540-45540-X_11,
author="Feitelson, Dror G.",
editor="Feitelson, Dror G.
and Rudolph, Larry",
title="Metrics for Parallel Job Scheduling and Their Convergence",
booktitle="Job Scheduling Strategies for Parallel Processing",
year="2001",
publisher="Springer Berlin Heidelberg",
address="Berlin, Heidelberg",
pages="188--205",
isbn="978-3-540-45540-0"
}

% Scheduling notation
@incollection{GRAHAM1979287,
title = "Optimization and Approximation in Deterministic Sequencing and Scheduling: a Survey",
editor = "P.L. Hammer and E.L. Johnson and B.H. Korte",
series = "Annals of Discrete Mathematics",
publisher = "Elsevier",
volume = "5",
pages = "287 - 326",
year = "1979",
booktitle = "Discrete Optimization II",
issn = "0167-5060",
doi = "https://doi.org/10.1016/S0167-5060(08)70356-X",
url = "http://www.sciencedirect.com/science/article/pii/S016750600870356X",
author = "R.L. Graham and E.L. Lawler and J.K. Lenstra and A.H.G.Rinnooy Kan",
}

% Scheduling notation
@book{drozdowski2009scheduling,
  title={Scheduling for parallel processing},
  author={Drozdowski, Maciej},
  volume={18},
  year={2009},
  publisher={Springer}
}

% Simgrid
@article{casanova:hal-01017319,
  hal_id = {hal-01017319},
  url = {http://hal.inria.fr/hal-01017319},
  title = {Versatile, Scalable, and Accurate Simulation of Distributed Applications and Platforms},
  author = {Casanova, Henri and Giersch, Arnaud and Legrand, Arnaud and Quinson, Martin and Suter, Fr{\'e}d{\'e}ric},
  publisher = {Elsevier},
  pages = {2899-2917},
  journal = {Journal of Parallel and Distributed Computing},
  volume = {74},
  number = {10},
  year = {2014},
  month = Jun,
  pdf = {http://hal.inria.fr/hal-01017319/PDF/simgrid3-journal.pdf},
}

% Simgrid
@software{simgrid,
	title    = {SimGrid Home},
	author   = {{SimGrid Community}},
	date     = {2020},
	version  = {3.25},
	url      = {https://simgrid.frama.io/index.html},
	urldate  = {2020-06-14},
	keywords = {simgrid,simulation},
}

% Batsim
@inproceedings{dutot:hal-01333471,
  TITLE = {{Batsim: a Realistic Language-Independent Resources and Jobs Management Systems Simulator}},
  AUTHOR = {Dutot, Pierre-Fran{\c c}ois and Mercier, Michael and Poquet, Millian and Richard, Olivier},
  URL = {https://hal.archives-ouvertes.fr/hal-01333471},
  BOOKTITLE = {{20th Workshop on Job Scheduling Strategies for Parallel Processing}},
  ADDRESS = {Chicago, United States},
  YEAR = {2016},
  MONTH = May,
  KEYWORDS = {Reproducibility ; RJMS ; Scheduling ; Simulation},
  PDF = {https://hal.archives-ouvertes.fr/hal-01333471/file/batsim.pdf},
  HAL_ID = {hal-01333471},
  HAL_VERSION = {v1},
}

% Batsim simulator
@phdthesis{poquet:tel-01757245,
  TITLE = {{Simulation approach for resource management}},
  AUTHOR = {Poquet, Millian},
  URL = {https://tel.archives-ouvertes.fr/tel-01757245},
  NUMBER = {2017GREAM098},
  SCHOOL = {{Universit{\'e} Grenoble Alpes}},
  YEAR = {2017},
  MONTH = Dec,
  KEYWORDS = {Energy ; Separation of concerns ; High performance computing ; Simulation ; Resource management ; {\'E}nergie ; Modularit{\'e} ; Gestion de ressources ; Simulation ; Calcul haute performance},
  TYPE = {Theses},
  PDF = {https://tel.archives-ouvertes.fr/tel-01757245/file/POQUET_2017_archivage.pdf},
  HAL_ID = {tel-01757245},
  HAL_VERSION = {v2},
  chapter = {3,4},
}

% Batsim simulator
@online{batsim-protocol,
    title    = {Batsim protocol},
	author   = {{Batsim team}},
	date     = {2020},
	urldate  = {2020-06-14},
	url      = {https://batsim.readthedocs.io/en/latest/protocol.html},
	keywords = {batsim,simulation},
}

% Pybatsim scheduler
@software{pybatsim-repo,
    title    = {Pybatsim code repository},
	author   = {{Batsim team}},
	date     = {2020-07-30},
	version  = {3.2.0},
	url      = {https://gitlab.inria.fr/batsim/pybatsim},
	keywords = {batsim,scheduler},
}

% Evalys
@software{evalys,
    title   = {Evalys library},
    author  = {{Batsim team}},
    date    = {2020},
    version = {4.0.5},
    urldate = {2020-12-03},
    url     = {https://evalys.readthedocs.io/},
    keywords = {batsim,analysis,tool},
}

% Alea simulator
@inproceedings{klusacek:hal-02329635,
  TITLE = {{Alea -Complex Job Scheduling Simulator}},
  AUTHOR = {Klus{\'a}{\v c}ek, Dalibor and Soysal, Mehmet and Suter, Fr{\'e}d{\'e}ric},
  URL = {https://hal.archives-ouvertes.fr/hal-02329635},
  BOOKTITLE = {{13th INTERNATIONAL CONFERENCE ON PARALLEL PROCESSING AND APPLIED MATHEMATICS}},
  ADDRESS = {Bialystok, Poland},
  YEAR = {2019},
  MONTH = Sep,
  PDF = {https://hal.archives-ouvertes.fr/hal-02329635/file/PPAM_2019.pdf},
  HAL_ID = {hal-02329635},
  HAL_VERSION = {v1},
}

% Alea simulator
@inproceedings{klusavcek2010alea,
  title={Alea 2: job scheduling simulator},
  author={Klus{\'a}{\v{c}}ek, Dalibor and Rudov{\'a}, Hana},
  booktitle={Proceedings of the 3rd International ICST Conference on Simulation Tools and Techniques},
  pages={1--10},
  year={2010}
}

% Gridsim simulator
@article{buyya2002gridsim,
  title={Gridsim: A toolkit for the modeling and simulation of distributed resource management and scheduling for grid computing},
  author={Buyya, Rajkumar and Murshed, Manzur},
  journal={Concurrency and computation: practice and experience},
  volume={14},
  number={13-15},
  pages={1175--1220},
  year={2002},
  publisher={Wiley Online Library}
}

% Simbatch simulator
@InProceedings{10.1007/978-3-642-00955-6_27,
author="Caniou, Y.
and Gay, J. -S.",
editor="C{\'e}sar, Eduardo
and Alexander, Michael
and Streit, Achim
and Tr{\"a}ff, Jesper Larsson
and C{\'e}rin, Christophe
and Kn{\"u}pfer, Andreas
and Kranzlm{\"u}ller, Dieter
and Jha, Shantenu",
title="Simbatch: An API for Simulating and Predicting the Performance of Parallel Resources Managed by Batch Systems",
booktitle="Euro-Par 2008 Workshops - Parallel Processing",
year="2009",
publisher="Springer Berlin Heidelberg",
address="Berlin, Heidelberg",
pages="223--234",
isbn="978-3-642-00955-6"
}

% CODES simulator
@online{codes,
    title    = {CODES},
	author   = {ANL and RPI and LLNL},
	date     = {2020},
	urldate  = {2020-09-01},
	url      = {https://www.mcs.anl.gov/projects/codes/},
	keywords = {codes,simulator},
}

% CODES simulator
@inproceedings{Cope2011CODESEC,
  title={CODES: Enabling Co-Design of Multi-Layer Exascale Storage Architectures},
  author={J. Cope and Nannan Liu and S. Lang and Phil Carns and C. Carothers and R. Ross},
  year={2011}
}

% CODES simulator
@article{osti_1311761,
title = {Enabling Co-Design of Multi-Layer Exascale Storage Architectures},
author = {Carothers, Christopher},
doi = {10.2172/1311761},
place = {United States},
year = {2015},
month = {8}
}

% CODES with burst buffers
@inproceedings{10.1145/2832087.2832091,
author = {Snyder, Shane and Carns, Philip and Latham, Robert and Mubarak, Misbah and Ross, Robert and Carothers, Christopher and Behzad, Babak and Luu, Huong Vu Thanh and Byna, Surendra and Prabhat},
title = {Techniques for Modeling Large-Scale HPC I/O Workloads},
year = {2015},
isbn = {9781450340090},
publisher = {Association for Computing Machinery},
address = {New York, NY, USA},
url = {https://doi.org/10.1145/2832087.2832091},
doi = {10.1145/2832087.2832091},
articleno = {5},
numpages = {11},
location = {Austin, Texas},
series = {PMBS '15}
}

% CODES with burst buffers
@INPROCEEDINGS{8048932,
  author={M. {Mubarak} and P. {Carns} and J. {Jenkins} and J. K. {Li} and N. {Jain} and S. {Snyder} and R. {Ross} and C. D. {Carothers} and A. {Bhatele} and K. {Ma}},
  booktitle={2017 IEEE International Conference on Cluster Computing (CLUSTER)}, 
  title={Quantifying I/O and Communication Traffic Interference on Dragonfly Networks Equipped with Burst Buffers}, 
  year={2017},
  pages={204-215},}

% Parallel Workloads Archive
@article{FEITELSON20142967,
title = "Experience with using the Parallel Workloads Archive",
journal = "Journal of Parallel and Distributed Computing",
volume = "74",
number = "10",
pages = "2967 - 2982",
year = "2014",
issn = "0743-7315",
doi = "https://doi.org/10.1016/j.jpdc.2014.06.013",
url = "http://www.sciencedirect.com/science/article/pii/S0743731514001154",
author = "Dror G. Feitelson and Dan Tsafrir and David Krakov",
keywords = "Workload log, Data quality, Parallel job scheduling",
}

% Parallel Workloads Archive
@online{parallel-workload-archive,
    title    = {Parallel Workloads Archive},
	author   = {Dror Feitelson},
	date     = {2020},
	urldate  = {2020-06-14},
	url      = {https://www.cs.huji.ac.il/labs/parallel/workload/},
	keywords = {workload},
}

% Workload modeling
% @book{feitelson_2015, place={Cambridge}, title={Workload Modeling for Computer Systems Performance Evaluation}, DOI={10.1017/CBO9781139939690}, publisher={Cambridge University Press}, author={Feitelson, Dror G.}, year={2015}}
@book{10.5555/2808941,
author = {Feitelson, Dror G.},
title = {Workload Modeling for Computer Systems Performance Evaluation},
year = {2015},
isbn = {1107078237},
publisher = {Cambridge University Press},
address = {USA},
edition = {1st}
}

% Cori
@online{cori,
    title    = {Cori system},
	author   = {{NERSC}},
	date     = {2020},
	urldate  = {2020-08-01},
	url      = {https://docs.nersc.gov/systems/cori/},
	keywords = {cori,nersc,supercomputer},
}

% Theta
@online{theta,
    title    = {Theta system},
	author   = {{Argonne Leadership Computing Facility}},
	date     = {2020},
	urldate  = {2020-08-01},
	url      = {https://www.alcf.anl.gov/alcf-resources/theta},
	keywords = {theta,alcf,supercomputer},
}

% Scheduling Beyond CPUs for HPC
@inproceedings{10.1145/3307681.3325401,
author = {Fan, Yuping and Lan, Zhiling and Rich, Paul and Allcock, William E. and Papka, Michael E. and Austin, Brian and Paul, David},
title = {Scheduling Beyond CPUs for HPC},
year = {2019},
isbn = {9781450366700},
publisher = {Association for Computing Machinery},
address = {New York, NY, USA},
url = {https://doi.org/10.1145/3307681.3325401},
doi = {10.1145/3307681.3325401},
booktitle = {Proceedings of the 28th International Symposium on High-Performance Parallel and Distributed Computing},
pages = {97–108},
numpages = {12},
keywords = {high performance computing (hpc), burst buffers, multi-resource scheduling, multi-objective optimization},
location = {Phoenix, AZ, USA},
series = {HPDC ’19}
}

@INPROCEEDINGS{7307592,
  author={Z. {Zhou} and X. {Yang} and D. {Zhao} and P. {Rich} and W. {Tang} and J. {Wang} and Z. {Lan}},
  booktitle={2015 IEEE International Conference on Cluster Computing}, 
  title={I/O-Aware Batch Scheduling for Petascale Computing Systems}, 
  year={2015},
  volume={},
  number={},
  pages={254-263},
  doi={10.1109/CLUSTER.2015.45}
}

% Limiting bandwidth on switches
@inproceedings{10.1145/2907294.2907316,
author = {Herbein, Stephen and Ahn, Dong H. and Lipari, Don and Scogland, Thomas R.W. and Stearman, Marc and Grondona, Mark and Garlick, Jim and Springmeyer, Becky and Taufer, Michela},
title = {Scalable I/O-Aware Job Scheduling for Burst Buffer Enabled HPC Clusters},
year = {2016},
isbn = {9781450343145},
publisher = {Association for Computing Machinery},
address = {New York, NY, USA},
url = {https://doi.org/10.1145/2907294.2907316},
doi = {10.1145/2907294.2907316},
booktitle = {Proceedings of the 25th ACM International Symposium on High-Performance Parallel and Distributed Computing},
pages = {69–80},
numpages = {12},
keywords = {scheduling algorithms, high performance computing, resource management, nonvolatile memory},
location = {Kyoto, Japan},
series = {HPDC '16}
}

% Efficient Job Scheduling for Clusters with Shared Tiered Storage
@INPROCEEDINGS{8752797,
  author={L. E. {Lackner} and H. M. {Fard} and F. {Wolf}},
  booktitle={2019 19th IEEE/ACM International Symposium on Cluster, Cloud and Grid Computing (CCGRID)}, 
  title={Efficient Job Scheduling for Clusters with Shared Tiered Storage}, 
  year={2019},
  pages={321-330},}

% Plan-based
@inproceedings{zheng2016exploring,
  title={Exploring plan-based scheduling for large-scale computing systems},
  author={Zheng, Xingwu and Zhou, Zhou and Yang, Xu and Lan, Zhiling and Wang, Jia},
  booktitle={2016 IEEE International Conference on Cluster Computing (CLUSTER)},
  pages={259--268},
  year={2016},
  organization={IEEE}
}

% Pandas
@software{reback2020pandas,
    author       = {The pandas development team},
    title        = {pandas-dev/pandas: Pandas},
    month        = feb,
    year         = 2020,
    publisher    = {Zenodo},
    version      = {latest},
    doi          = {10.5281/zenodo.3509134},
    url          = {https://doi.org/10.5281/zenodo.3509134}
}

% Pandas
@InProceedings{ mckinney-proc-scipy-2010,
  author    = { {W}es {M}c{K}inney },
  title     = { {D}ata {S}tructures for {S}tatistical {C}omputing in {P}ython },
  booktitle = { {P}roceedings of the 9th {P}ython in {S}cience {C}onference },
  pages     = { 56 - 61 },
  year      = { 2010 },
  editor    = { {S}t\'efan van der {W}alt and {J}arrod {M}illman },
  doi       = { 10.25080/Majora-92bf1922-00a }
}

% Seaborn
@software{michael_waskom_2017_883859,
  author       = {Michael Waskom and
                  Olga Botvinnik and
                  Drew O'Kane and
                  Paul Hobson and
                  Saulius Lukauskas and
                  David C Gemperline and
                  Tom Augspurger and
                  Yaroslav Halchenko and
                  John B. Cole and
                  Jordi Warmenhoven and
                  Julian de Ruiter and
                  Cameron Pye and
                  Stephan Hoyer and
                  Jake Vanderplas and
                  Santi Villalba and
                  Gero Kunter and
                  Eric Quintero and
                  Pete Bachant and
                  Marcel Martin and
                  Kyle Meyer and
                  Alistair Miles and
                  Yoav Ram and
                  Tal Yarkoni and
                  Mike Lee Williams and
                  Constantine Evans and
                  Clark Fitzgerald and
                  Brian and
                  Chris Fonnesbeck and
                  Antony Lee and
                  Adel Qalieh},
  title        = {mwaskom/seaborn: v0.8.1 (September 2017)},
  month        = sep,
  year         = 2017,
  publisher    = {Zenodo},
  version      = {v0.8.1},
  doi          = {10.5281/zenodo.883859},
  url          = {https://doi.org/10.5281/zenodo.883859}
}

% Fitter
@software{fitter,
    author       = {Thomas Cokelaer},
    title        = {FITTER},
    year         = 2020,
    version      = {latest},
    url          = {https://fitter.readthedocs.io/en/latest/}
}

@ARTICLE{2020SciPy-NMeth,
       author = {{Virtanen}, Pauli and {Gommers}, Ralf and {Oliphant},
         Travis E. and {Haberland}, Matt and {Reddy}, Tyler and
         {Cournapeau}, David and {Burovski}, Evgeni and {Peterson}, Pearu
         and {Weckesser}, Warren and {Bright}, Jonathan and {van der Walt},
         St{\'e}fan J.  and {Brett}, Matthew and {Wilson}, Joshua and
         {Jarrod Millman}, K.  and {Mayorov}, Nikolay and {Nelson}, Andrew
         R.~J. and {Jones}, Eric and {Kern}, Robert and {Larson}, Eric and
         {Carey}, CJ and {Polat}, {\.I}lhan and {Feng}, Yu and {Moore},
         Eric W. and {Vand erPlas}, Jake and {Laxalde}, Denis and
         {Perktold}, Josef and {Cimrman}, Robert and {Henriksen}, Ian and
         {Quintero}, E.~A. and {Harris}, Charles R and {Archibald}, Anne M.
         and {Ribeiro}, Ant{\^o}nio H. and {Pedregosa}, Fabian and
         {van Mulbregt}, Paul and {Contributors}, SciPy 1. 0},
        title = "{SciPy 1.0: Fundamental Algorithms for Scientific
                  Computing in Python}",
      journal = {Nature Methods},
      year = "2020",
      volume={17},
      pages={261--272},
      adsurl = {https://rdcu.be/b08Wh},
      doi = {https://doi.org/10.1038/s41592-019-0686-2},
}

% Dragonfly topology
@inproceedings{kim2008technology,
  title={Technology-driven, highly-scalable dragonfly topology},
  author={Kim, John and Dally, Wiliam J and Scott, Steve and Abts, Dennis},
  booktitle={2008 International Symposium on Computer Architecture},
  pages={77--88},
  year={2008},
  organization={IEEE}
}

% Metacentrum
@online{metacentrum,
    title    = {MetaCentrum hardware},
	author   = {{Czech National Grid Organization}},
	date     = {2020},
	urldate  = {2020-10-05},
	url      = {https://metavo.metacentrum.cz/pbsmon2/hardware},
	keywords = {metacentrum,supercomputer},
}

% IO500
@online{io500,
    title    = {IO500 list},
	author   = {{Virtual Institute for I/O}},
	date     = {2020},
	urldate  = {2020-10-05},
	url      = {https://www.vi4io.org/start},
	keywords = {pfs,storage},
}

%Z3
@InProceedings{10.1007/978-3-540-78800-3_24,
author="de Moura, Leonardo
and Bj{\o}rner, Nikolaj",
editor="Ramakrishnan, C. R.
and Rehof, Jakob",
title="Z3: An Efficient SMT Solver",
booktitle="Tools and Algorithms for the Construction and Analysis of Systems",
year="2008",
publisher="Springer Berlin Heidelberg",
address="Berlin, Heidelberg",
pages="337--340",
isbn="978-3-540-78800-3"
}

% Z3
@software{z3-git,
    title    = {Z3 Theorem Prover},
	author   = {{Microsoft Research}},
	date     = {2020},
	version  = {4.8.9},
	urldate  = {2020-11-10},
	url      = {https://github.com/Z3Prover/z3},
	keywords = {solver},
}

% Simulated annealing
@article{10.2307/1690046,
 ISSN = {00368075, 10959203},
 URL = {http://www.jstor.org/stable/1690046},
 author = {S. Kirkpatrick and C. D. Gelatt and M. P. Vecchi},
 journal = {Science},
 number = {4598},
 pages = {671--680},
 publisher = {American Association for the Advancement of Science},
 title = {Optimization by Simulated Annealing},
 volume = {220},
 year = {1983}
}

% Simulated annealing initial temperature
@article{10.1023/B:COAP.0000044187.23143.bd,
author = {Ben-Ameur, Walid},
title = {Computing the Initial Temperature of Simulated Annealing},
year = {2004},
issue_date = {December 2004},
publisher = {Kluwer Academic Publishers},
address = {USA},
volume = {29},
number = {3},
issn = {0926-6003},
url = {https://doi.org/10.1023/B:COAP.0000044187.23143.bd},
doi = {10.1023/B:COAP.0000044187.23143.bd},
journal = {Comput. Optim. Appl.},
month = dec,
pages = {369–385},
numpages = {17},
keywords = {initial temperature, acceptance ratio, simulated annealing}
}

% Boxenplot
@article{doi:10.1080/10618600.2017.1305277,
author = {Heike Hofmann and Hadley Wickham and Karen Kafadar},
title = {Letter-Value Plots: Boxplots for Large Data},
journal = {Journal of Computational and Graphical Statistics},
volume = {26},
number = {3},
pages = {469-477},
year  = {2017},
publisher = {Taylor & Francis},
doi = {10.1080/10618600.2017.1305277},
URL = {https://doi.org/10.1080/10618600.2017.1305277},
eprint = {https://doi.org/10.1080/10618600.2017.1305277}
}

% Reinforcement learning - award
@misc{mao2019learning,
      title={Learning Scheduling Algorithms for Data Processing Clusters}, 
      author={Hongzi Mao and Malte Schwarzkopf and Shaileshh Bojja Venkatakrishnan and Zili Meng and Mohammad Alizadeh},
      year={2019},
      eprint={1810.01963},
      archivePrefix={arXiv},
      primaryClass={cs.LG}
}

% Reinforcement learning HPC
@misc{zhang2020rlscheduler,
      title={RLScheduler: An Automated HPC Batch Job Scheduler Using Reinforcement Learning},
      author={Di Zhang and Dong Dai and Youbiao He and Forrest Sheng Bao and Bing Xie},
      year={2020},
      eprint={1910.08925},
      archivePrefix={arXiv},
      primaryClass={cs.DC}
}

% Reinforcement learning HPC
@misc{baheri2020mars,
      title={MARS: Multi-Scalable Actor-Critic Reinforcement Learning Scheduler}, 
      author={Betis Baheri and Qiang Guan},
      year={2020},
      eprint={2005.01584},
      archivePrefix={arXiv},
      primaryClass={cs.DC}
}